%chapter 1
@article{孙机1986木牛流马,
  title={“木牛流马” 对汉代鹿车的改进及其对犁制研究的一点启示},
  author={孙机},
  journal={农业考古},
  number={1},
  pages={157--160},
  year={1986}
}


@online{mars2020,
  author =      {NASA},
  title =       {Mars 2020 Rover},
  urldate =     {2019-11-20},
  url =         {https://mars.nasa.gov/mars2020/},
  year =        2019,
}
 
@article{robotname,
  title={The Robot of Prague},
  author={Ivan Margolius},
  journal={The Friends of Czech Heritage},
  pages={3--6},
  year={2017},
  organization={Wayback Machine},
}

@misc{robotwiki,
    author = "{Wikipedia contributors}",
    title = "Robot --- {Wikipedia}{,} The Free Encyclopedia",
    year = "2019",
    url = "https://en.wikipedia.org/w/index.php?title=Robot&oldid=927137612",
    note = "[Online; accessed 2019-11-28]"
  }

@misc{roblit,
    author = "{Wikipedia contributors}",
    title = "List of fictional robots and androids --- {Wikipedia}{,} The Free Encyclopedia",
    year = "2019",
    url = "https://en.wikipedia.org/w/index.php?title=List_of_fictional_robots_and_androids&oldid=927866007",
    note = "[Online; accessed 2019-11-28]"
  }

@article{梁文莉2015竞争激烈的扫地机器人市场,
  title={竞争激烈的扫地机器人市场},
  author={梁文莉},
  journal={机器人技术与应用},
  number={2},
  pages={21--23},
  year={2015}
}

@article{biesiadecki2006mars,
  title={The mars exploration rover surface mobility flight software driving ambition},
  author={Biesiadecki, Jeffrey J and Maimone, Mark W},
  journal={2006 IEEE Aerospace Conference},
  pages={15--pp},
  year={2006},
  organization={IEEE}
}

@article{arikawa1987pentachromatic,
  title={Pentachromatic visual system in a butterfly},
  author={Arikawa, K and Inokuma, K and Eguchi, E},
  journal={Naturwissenschaften},
  volume={74},
  number={6},
  pages={297--298},
  year={1987},
  publisher={Springer-Verlag}
}

@article{cadena2016past,
  title={Past, present, and future of simultaneous localization and mapping: Toward the robust-perception age},
  author={Cadena, Cesar and Carlone, Luca and Carrillo, Henry and Latif, Yasir and Scaramuzza, Davide and Neira, Jos{\'e} and Reid, Ian and Leonard, John J},
  journal={IEEE Transactions on robotics},
  volume={32},
  number={6},
  pages={1309--1332},
  year={2016},
  publisher={IEEE}
}

@article{silver2018general,
  title={A general reinforcement learning algorithm that masters chess, shogi, and Go through self-play},
  author={Silver, David and Hubert, Thomas and Schrittwieser, Julian and Antonoglou, Ioannis and Lai, Matthew and Guez, Arthur and Lanctot, Marc and Sifre, Laurent and Kumaran, Dharshan and Graepel, Thore and others},
  journal={Science},
  volume={362},
  number={6419},
  pages={1140--1144},
  year={2018},
  publisher={American Association for the Advancement of Science}
}

@article{finn2017model,
  title={Model-agnostic meta-learning for fast adaptation of deep networks},
  author={Finn, Chelsea and Abbeel, Pieter and Levine, Sergey},
  journal={Proceedings of the 34th International Conference on Machine Learning-Volume 70},
  pages={1126--1135},
  year={2017},
  organization={JMLR. org}
}

@article{wensing2017proprioceptive,
  title={Proprioceptive actuator design in the MIT Cheetah: Impact mitigation and high-bandwidth physical interaction for dynamic legged robots},
  author={Wensing, Patrick M and Wang, Albert and Seok, Sangok and Otten, David and Lang, Jeffrey and Kim, Sangbae},
  journal={IEEE Transactions on Robotics},
  volume={33},
  number={3},
  pages={509--522},
  year={2017},
  publisher={IEEE}
}

@article{hutter2017anymal,
  title={ANYmal-toward legged robots for harsh environments},
  author={Hutter, Marco and Gehring, Christian and Lauber, Andreas and Gunther, Fabian and Bellicoso, Carmine Dario and Tsounis, Vassilios and Fankhauser, P{\'e}ter and Diethelm, Remo and Bachmann, Samuel and Bl{\"o}sch, Michael and others},
  journal={Advanced Robotics},
  volume={31},
  number={17},
  pages={918--931},
  year={2017},
  publisher={Taylor \& Francis}
}

@misc{wikislam,
   author = "维基百科",
   title = "即时定位与地图构建 --- 维基百科{,} 自由的百科全书",
   year = "2019",
   url = "https://zh.wikipedia.org/w/index.php?title=%E5%8D%B3%E6%97%B6%E5%AE%9A%E4%BD%8D%E4%B8%8E%E5%9C%B0%E5%9B%BE%E6%9E%84%E5%BB%BA&oldid=53936601",
   note = "[Online; accessed 2019-4-8]"
 }

@article{hess2016real,
  title={Real-time loop closure in 2D LIDAR SLAM},
  author={Hess, Wolfgang and Kohler, Damon and Rapp, Holger and Andor, Daniel},
  journal={2016 IEEE International Conference on Robotics and Automation (ICRA)},
  pages={1271--1278},
  year={2016},
  organization={IEEE}
}

@article{d2013polynomial,
  title={A polynomial based SLAM algorithm for mobile robots using ultrasonic sensors-Experimental results},
  author={D'Alfonso, Luigi and Grano, Antonio and Muraca, Pietro and Pugliese, Paolo},
  journal={2013 16th International Conference on Advanced Robotics (ICAR)},
  pages={1--6},
  year={2013},
  organization={IEEE}
}

@article{guidi2014millimeter,
  title={Millimeter-wave massive arrays for indoor SLAM},
  author={Guidi, Francesco and Guerra, Anna and Dardari, Davide},
  journal={2014 IEEE International Conference on Communications Workshops (ICC)},
  pages={114--120},
  year={2014},
  organization={IEEE}
}

@article{davison2007monoslam,
  title={MonoSLAM: Real-time single camera SLAM},
  author={Davison, Andrew J and Reid, Ian D and Molton, Nicholas D and Stasse, Olivier},
  journal={IEEE Transactions on Pattern Analysis \& Machine Intelligence},
  number={6},
  pages={1052--1067},
  year={2007},
  publisher={IEEE}
}

@article{kerl2013dense,
  title={Dense visual SLAM for RGB-D cameras},
  author={Kerl, Christian and Sturm, J{\"u}rgen and Cremers, Daniel},
  journal={2013 IEEE/RSJ International Conference on Intelligent Robots and Systems},
  pages={2100--2106},
  year={2013},
  organization={IEEE}
}

@article{mei2009constant,
  title={A constant-time efficient stereo slam system},
  author={Mei, Christopher and Sibley, Gabe and Cummins, Mark and Newman, Paul and Reid, Ian},
  journal={Proceedings of the British machine vision conference},
  volume={1},
  number={2009},
  year={2009},
  organization={BMVA Press}
}

@article{montemerlo2003fastslam,
  title={FastSLAM 2.0: An improved particle filtering algorithm for simultaneous localization and mapping that provably converges},
  author={Montemerlo, Michael and Thrun, Sebastian and Koller, Daphne and Wegbreit, Ben and others},
  journal={IJCAI},
  pages={1151--1156},
  year={2003}
}

@article{grisetti2007improved,
  title={Improved techniques for grid mapping with rao-blackwellized particle filters},
  author={Grisetti, Giorgio and Stachniss, Cyrill and Burgard, Wolfram and others},
  journal={IEEE transactions on Robotics},
  volume={23},
  number={1},
  pages={34},
  year={2007}
}

@article{premebida2013fusing,
  title={Fusing LIDAR, camera and semantic information: A context-based approach for pedestrian detection},
  author={Premebida, Cristiano and Nunes, Urbano},
  journal={The International Journal of Robotics Research},
  volume={32},
  number={3},
  pages={371--384},
  year={2013},
  publisher={SAGE Publications Sage UK: London, England}
}

@article{zhang2015visual,
  title={Visual-lidar odometry and mapping: Low-drift, robust, and fast},
  author={Zhang, Ji and Singh, Sanjiv},
  journal={2015 IEEE International Conference on Robotics and Automation (ICRA)},
  pages={2174--2181},
  year={2015},
  organization={IEEE}
}

@article{taketomi2017visual,
  title={Visual SLAM algorithms: a survey from 2010 to 2016},
  author={Taketomi, Takafumi and Uchiyama, Hideaki and Ikeda, Sei},
  journal={IPSJ Transactions on Computer Vision and Applications},
  volume={9},
  number={1},
  pages={16},
  year={2017},
  publisher={Springer}
}

@article{aulinas2008slam,
  title={The slam problem: a survey.},
  author={Aulinas, Josep and Petillot, Yvan R and Salvi, Joaquim and Llad{\'o}, Xavier},
  journal={CCIA},
  volume={184},
  number={1},
  pages={363--371},
  year={2008},
  publisher={Citeseer}
}

@article{vinsfusion,
  title={Online temporal calibration for monocular visual-inertial systems},
  author={Qin, Tong and Shen, Shaojie},
  journal={2018 IEEE/RSJ International Conference on Intelligent Robots and Systems (IROS)},
  volume={17},
  pages={3662--3669},
  year={2017},
  organization={IEEE},
}

@article{vinsmono,
  title={Vins-mono: A robust and versatile monocular visual-inertial state estimator},
  author={Qin, Tong and Li, Peiliang and Shen, Shaojie},
  journal={IEEE Transactions on Robotics},
  volume={34},
  number={4},
  pages={1004--1020},
  year={2018},
  organization={IEEE},
}

@online{vinsmobile,
  author =      {HKUST-Aerial-Robotics},
  title =       {VINS-Mobile},
  urldate =     {2019-06-27},
  url =         {https://github.com/HKUST-Aerial-Robotics/VINS-Mobile},
  year =        2017,
}

@article{liu2016robust,
  title={Robust keyframe-based monocular SLAM for augmented reality},
  author={Liu, Haomin and Zhang, Guofeng and Bao, Hujun},
  journal={2016 IEEE International Symposium on Mixed and Augmented Reality (ISMAR)},
  pages={1--10},
  year={2016},
  organization={IEEE}
}

@online{rkslammobile,
  author =      {浙江大学},
  title =       {RKSLAM: Robust Keyframe-based Monocular SLAM for AR},
  urldate =     {2016-10-04},
  url =         {http://www.zjucvg.net/rkslam/rkslam.html},
  year =        2016,
}

@online{robotaxi,
  author =      {北京百度网讯科技有限公司},
  title =       {Robotaxi},
  urldate =     {2019-10-21},
  url =         {http://apollo.auto/robotaxi/index_cn.html},
  year =        2019,
}

@online{minibus,
  author =      {北京百度网讯科技有限公司},
  title =       {阿波龙},
  urldate =     {2019-03-27},
  url =         {http://apollo.auto/minibus/index_cn.html},
  year =        2019,
}

@online{momenta,
  author =      {北京初速度科技有限公司},
  title =       {Momenta},
  urldate =     {2019},
  url =         {https://www.momenta.cn/technology},
  year =        2019,
}

@article{engel2014lsd,
  title={LSD-SLAM: Large-scale direct monocular SLAM},
  author={Engel, Jakob and Sch{\"o}ps, Thomas and Cremers, Daniel},
  journal={European conference on computer vision},
  pages={834--849},
  year={2014},
  organization={Springer}
}

@article{kerl2015dense,
  title={Dense continuous-time tracking and mapping with rolling shutter RGB-D cameras},
  author={Kerl, Christian and Stuckler, Jorg and Cremers, Daniel},
  journal={Proceedings of the IEEE international conference on computer vision},
  pages={2264--2272},
  year={2015}
}

@article{gao2018ldso,
  title={LDSO: Direct sparse odometry with loop closure},
  author={Gao, Xiang and Wang, Rui and Demmel, Nikolaus and Cremers, Daniel},
  journal={2018 IEEE/RSJ International Conference on Intelligent Robots and Systems (IROS)},
  pages={2198--2204},
  year={2018},
  organization={IEEE}
}

@article{schubert2019rolling,
  title={Rolling-Shutter Modelling for Direct Visual-Inertial Odometry},
  author={Schubert, David and Demmel, Nikolaus and von Stumberg, Lukas and Usenko, Vladyslav and Cremers, Daniel},
  journal={arXiv preprint arXiv:1911.01015},
  year={2019}
}

@article{bergmann2017online,
  title={Online photometric calibration of auto exposure video for realtime visual odometry and SLAM},
  author={Bergmann, Paul and Wang, Rui and Cremers, Daniel},
  journal={IEEE Robotics and Automation Letters},
  volume={3},
  number={2},
  pages={627--634},
  year={2017},
  publisher={IEEE}
}

@phdthesis{newcombe2012dense,
  title={Dense visual SLAM},
  author={Newcombe, Richard},
  year={2012},
  school={Imperial College London}
}

@phdthesis{salas2014dense,
  title={Dense Semantic SLAM.},
  author={Salas-Moreno, Renato F},
  year={2014},
  school={Imperial College London}
}

@online{dysonlab,
  author =      {Imperial College},
  title =       {The Dyson Robotics Lab at Imperial College},
  urldate =     {2014},
  url =         {http://www.imperial.ac.uk/dyson-robotics-lab/about-us/},
  year =        2014,
}

@phdthesis{kim2017event,
  title={Real-Time Visual SLAM with an Event Camera},
  author={Kim, Hanme},
  year={2017},
  school={Imperial College London}
}

@phdthesis{bardow2018estimating,
  title={Estimating general motion and intensity from event cameras},
  author={Bardow, Patrick Alexander},
  year={2018},
  school={Imperial College London}
}

@article{vidal2018ultimate,
  title={Ultimate SLAM? Combining events, images, and IMU for robust visual SLAM in HDR and high-speed scenarios},
  author={Vidal, Antoni Rosinol and Rebecq, Henri and Horstschaefer, Timo and Scaramuzza, Davide},
  journal={IEEE Robotics and Automation Letters},
  volume={3},
  number={2},
  pages={994--1001},
  year={2018},
  publisher={IEEE}
}

@article{orb1,
  title={ORB-SLAM: a versatile and accurate monocular SLAM system},
  author={Mur-Artal, Raul and Montiel, Jose Maria Martinez and Tardos, Juan D},
  journal={IEEE transactions on robotics},
  volume={31},
  number={5},
  pages={1147--1163},
  year={2015},
  publisher={IEEE}
}

@article{orb2,
  title={Orb-slam2: An open-source slam system for monocular, stereo, and rgb-d cameras},
  author={Mur-Artal, Raul and Tard{\'o}s, Juan D},
  journal={IEEE Transactions on Robotics},
  volume={33},
  number={5},
  pages={1255--1262},
  year={2017},
  publisher={IEEE}
}

%chapter 2

@article{GRAVITYEYE,
	author = {Whinnery JE, Shender BS.},
	title = {The opticogravic nerve: eye-level anatomic relationships within the central nervous system.},
	journal = {Aviation, Space, and Environ- mental Medicine},
	pages = {612-614},
	volume = {63},
	number = {10},
	year = {1993},
}


@article{suthers1972respiration,
  title={Respiration, wing-beat and ultrasonic pulse emission in an echo-locating bat},
  author={SUTHERS, RODERICK A and THOMAS, STEVEN P and SUTHERS, BARBARA J},
  journal={Journal of Experimental Biology},
  volume={56},
  number={1},
  pages={37--48},
  year={1972},
  publisher={The Company of Biologists Ltd}
}

@incollection{walcott1982search,
  title={A search for magnetic field receptors in animals},
  author={Walcott, B and Walcott, C},
  booktitle={Avian Navigation},
  pages={338--343},
  year={1982},
  publisher={Springer}
}

@article{cronin2016photoreception,
  title={Photoreception and vision in the ultraviolet},
  author={Cronin, Thomas W and Bok, Michael J},
  journal={Journal of Experimental Biology},
  volume={219},
  number={18},
  pages={2790--2801},
  year={2016},
  publisher={The Company of Biologists Ltd}
}

@article{ho2002simple,
  title={Simple explanation of the no-free-lunch theorem and its implications},
  author={Ho, Yu-Chi and Pepyne, David L},
  journal={Journal of optimization theory and applications},
  volume={115},
  number={3},
  pages={549--570},
  year={2002},
  publisher={Springer}
}

@book{au2012sonar,
  title={The sonar of dolphins},
  author={Au, Whitlow WL},
  pages = {3-5},
  year={2012},
  address = {New York},
  publisher={Springer Science \& Business Media}
}

@book{wiltschko2012magnetic,
  title={Magnetic orientation in animals},
  author={Wiltschko, Roswitha},
  volume={33},
  pages = {54-56},
  year={2012},
  address = {Berlin},
  publisher={Springer Science \& Business Media}
}

@article{lind2014ultraviolet,
  title={Ultraviolet vision in birds: the importance of transparent eye media},
  author={Lind, Olle and Mitkus, Mindaugas and Olsson, Peter and Kelber, Almut},
  journal={Proceedings of the Royal Society B: Biological Sciences},
  volume={281},
  number={1774},
  pages={20132209},
  year={2014},
  publisher={The Royal Society}
}

@article{cohen1981olfaction,
  title={Olfaction and parental behavior in ring dove},
  author={Cohen, Jeffrey},
  journal={Biochemical Systematics and Ecology},
  volume={9},
  number={4},
  pages={351--354},
  year={1981},
  publisher={Elsevier}
}

@article{lehrman1969auditory,
  title={Auditory stimulation of ovarian activity in the ring dove (Streptopelia risoria)},
  author={Lehrman, Daniel S and Friedman, Mark},
  journal={Animal Behaviour},
  volume={17},
  pages={494--497},
  year={1969},
  publisher={Elsevier}
}

@article{odeen2013phylogenetic,
  title={The phylogenetic distribution of ultraviolet sensitivity in birds},
  author={{\"O}deen, Anders and H{\aa}stad, Olle},
  journal={BMC evolutionary biology},
  volume={13},
  number={1},
  pages={36},
  year={2013},
  publisher={BioMed Central}
}

@article{standard21348,
  title={21348: 2007},
  author={Standard, ISO},
  year = {2007},
  journal={Space environment (natural and artificial)—Process for determining solar irradiances}
}

@book{Bear2007Neuroscience,
  title={Neuroscience: Exploring the Brain, 3rd Edition},
  author={Bear, Mark F. and Connors, Barry W. and Paradiso, Michael A.},
  pages = {14-15,376-384},
  year={2007},
  address = {Baltimore},
}

@incollection{dodt1973parietal,
  title={The parietal eye (pineal and parietal organs) of lower vertebrates},
  author={Dodt, Eberhard},
  booktitle={Visual Centers in the Brain},
  pages={113--140},
  year={1973},
  publisher={Springer}
}

@article{fossum1997cmos,
  title={CMOS image sensors: Electronic camera-on-a-chip},
  author={Fossum, Eric R},
  journal={IEEE transactions on electron devices},
  volume={44},
  number={10},
  pages={1689--1698},
  year={1997},
  publisher={IEEE}
}

@article{holst2011cmos,
  title={CMOS/CCD sensors and camera systems},
  author={Holst, Gerald C and Lomheim, Terrence S},
  journal={Reconstruction},
  volume={9},
  number={5},
  pages={2PFC},
  year={2011}
}

@misc{ogawa1989autofocus,
  title={Autofocus camera},
  author={Ogawa, Ryota and Toji, Shigeo and Yoshida, Kazushi and Okura, Zenichi},
  year={1989},
  month=dec # "~26",
  publisher={Google Patents},
  note={US Patent 4,890,133}
}

@book{horn1986robot,
  title={Robot vision},
  author={Horn, Berthold and Klaus, Berthold and Horn, Paul},
  page = {18-40},
  year={1986},
  publisher={MIT press},
  address = {Boston},
}

@article{mendis1994cmos,
  title={CMOS active pixel image sensor},
  author={Mendis, Sunetra and Kemeny, Sabrina E and Fossum, Eric R},
  journal={IEEE transactions on Electron Devices},
  volume={41},
  number={3},
  pages={452--453},
  year={1994},
  publisher={IEEE}
}

@article{theuwissen2008cmos,
  title={CMOS image sensors: State-of-the-art},
  author={Theuwissen, Albert JP},
  journal={Solid-State Electronics},
  volume={52},
  number={9},
  pages={1401--1406},
  year={2008},
  publisher={Elsevier}
}

@article{mehta2015ccd,
  title={CCD or CMOS Image sensor for photography},
  author={Mehta, Sanket and Patel, Arpita and Mehta, Jagrat},
  journal={2015 International Conference on Communications and Signal Processing (ICCSP)},
  pages={0291--0294},
  year={2015},
  organization={IEEE}
}

@misc{cfa,
    author = "{Wikipedia contributors}",
    title = "Color filter array --- {Wikipedia}{,} The Free Encyclopedia",
    year = "2019",
    url = "https://en.wikipedia.org/w/index.php?title=Color_filter_array&oldid=925855888",
    note = "[Online; accessed 28-November-2019]"
}

@misc{bayer,
    author = "{Wikipedia contributors}",
    title = "Bayer filter --- {Wikipedia}{,} The Free Encyclopedia",
    year = "2019",
    url = "https://en.wikipedia.org/w/index.php?title=Bayer_filter&oldid=923412472",
    note = "[Online; accessed 28-November-2019]"
}


@book{nakamura2016image,
  title={Image sensors and signal processing for digital still cameras},
  author={Nakamura, Junichi},
  page = {287-289},
  year={2016},
  address = {Boca Raton},
  publisher={CRC press}
}

@article{laurutis1986vestibulo,
  title={The vestibulo-ocular reflex during human saccadic eye movements.},
  author={Laurutis, VP and Robinson, DA},
  journal={The Journal of Physiology},
  volume={373},
  number={1},
  pages={209--233},
  year={1986},
  publisher={Wiley Online Library}
}

@misc{invensense204datasheet,
  title={DATASHEET MPU6050, Revision 3.4, 2013},
  author={INVENSENSE, INC},
  year = {2013}
}

@article{pinto2012development,
  title={Development of a Segway robot for an intelligent transport system},
  author={Pinto, Lerrel Joseph and Kim, Dong-Hyung and Lee, Ji Yeong and Han, Chang-Soo},
  journal={2012 IEEE/SICE International Symposium on System Integration (SII)},
  pages={710--715},
  year={2012},
  organization={IEEE}
}

@article{tee2017icra,
  title={The ICRA 2017 Robot Challenges [Competitions]},
  author={Tee, Keng Peng and Van Der Kooij, Herman},
  journal={IEEE robotics \& automation magazine},
  volume={24},
  number={3},
  pages={15--21},
  year={2017},
  publisher={IEEE}
}

@article{quigley2009ros,
  title={ROS: an open-source Robot Operating System},
  author={Quigley, Morgan and Conley, Ken and Gerkey, Brian and Faust, Josh and Foote, Tully and Leibs, Jeremy and Wheeler, Rob and Ng, Andrew Y},
  journal={ICRA workshop on open source software},
  volume={3},
  number={3.2},
  pages={5},
  year={2009},
  organization={Kobe, Japan}
}

@article{fan2018baidu,
  title={Baidu apollo em motion planner},
  author={Fan, Haoyang and Zhu, Fan and Liu, Changchun and Zhang, Liangliang and Zhuang, Li and Li, Dong and Zhu, Weicheng and Hu, Jiangtao and Li, Hongye and Kong, Qi},
  journal={arXiv preprint arXiv:1807.08048},
  year={2018}
}

@article{maruyama2016exploring,
  title={Exploring the performance of ROS2},
  author={Maruyama, Yuya and Kato, Shinpei and Azumi, Takuya},
  journal={Proceedings of the 13th International Conference on Embedded Software},
  pages={5},
  year={2016},
  organization={ACM}
}

@article{pardo2003omg,
  title={Omg data-distribution service: Architectural overview},
  author={Pardo-Castellote, Gerardo},
  journal={23rd International Conference on Distributed Computing Systems Workshops, 2003. Proceedings.},
  pages={200--206},
  year={2003},
  organization={IEEE}
}

@online{rosemb,
  author =      {ROS-Infrastructure},
  title =       {micro-ROS | ROS 2 for microcontrollers},
  urldate =     {2019-11-1},
  url =         {https://micro-ros.github.io/},
  year =        2019,
}

@article{solutions2011shutter,
  title={Shutter operations for CCD and CMOS image censors},
  author={Solutions, Kodak Image Sensor},
  journal={Application note: MTD/PS--0259, Rev},
  volume={3},
  year={2011}
}

@article{oth2013rolling,
  title={Rolling shutter camera calibration},
  author={Oth, Luc and Furgale, Paul and Kneip, Laurent and Siegwart, Roland},
  journal={Proceedings of the IEEE Conference on Computer Vision and Pattern Recognition},
  pages={1360--1367},
  year={2013}
}

@article{de2008centi,
  title={Centi-pixel accurate real-time inverse distortion correction},
  author={De Villiers, Jason P and Leuschner, F Wilhelm and Geldenhuys, Ronelle},
  journal={Optomechatronic Technologies 2008},
  volume={7266},
  pages={726611},
  year={2008},
  organization={International Society for Optics and Photonics}
}

@article{tedaldi2014robust,
  title={A robust and easy to implement method for IMU calibration without external equipments},
  author={Tedaldi, David and Pretto, Alberto and Menegatti, Emanuele},
  journal={2014 IEEE International Conference on Robotics and Automation (ICRA)},
  pages={3042--3049},
  year={2014},
  organization={IEEE}
}

%chapter 3
@article{kawarabayashi2015battery,
  title={A battery smart sensor and its SOC estimation function for assembled lithium-ion batteries},
  author={Kawarabayashi, Naoki and Lin, Lei and Ishizaki, Ryu and Fukui, Masahiro and Shirakawa, Isao},
  journal={SASIMI 2015 Proceedings},
  year={2015}
}

@article{romero2009real,
  title={Real-time stabilization of an eight-rotor UAV using optical flow},
  author={Romero, Hugo and Salazar, Sergio and Lozano, Rogelio},
  journal={IEEE Transactions on Robotics},
  volume={25},
  number={4},
  pages={809--817},
  year={2009},
  publisher={IEEE}
}

@article{kutila2016automotive,
  title={Automotive LIDAR sensor development scenarios for harsh weather conditions},
  author={Kutila, Matti and Pyyk{\"o}nen, Pasi and Ritter, Werner and Sawade, Oliver and Sch{\"a}ufele, Bernd},
  journal={2016 IEEE 19th International Conference on Intelligent Transportation Systems (ITSC)},
  pages={265--270},
  year={2016},
  organization={IEEE}
}

@article{van2018autonomous,
  title={Autonomous vehicle perception: The technology of today and tomorrow},
  author={Van Brummelen, Jessica and O’Brien, Marie and Gruyer, Dominique and Najjaran, Homayoun},
  journal={Transportation research part C: emerging technologies},
  volume={89},
  pages={384--406},
  year={2018},
  publisher={Elsevier}
}

@article{wen2019robuststl,
  title={RobustSTL: a robust seasonal-trend decomposition algorithm for long time series},
  author={Wen, Qingsong and Gao, Jingkun and Song, Xiaomin and Sun, Liang and Xu, Huan and Zhu, Shenghuo},
  journal={Proceedings of the AAAI Conference on Artificial Intelligence},
  volume={33},
  pages={5409--5416},
  year={2019}
}

@article{forster2015imu,
  author={C. {Forster} and L. {Carlone} and F. {Dellaert} and D. {Scaramuzza}},
  journal={IEEE Transactions on Robotics},
  title={On-Manifold Preintegration for Real-Time Visual--Inertial Odometry},
  year={2017},
  volume={33},
  number={1},
  pages={1-21},
  organization={Georgia Institute of Technology}
}

@article{lepetit2009epnp,
  title={Epnp: An accurate o (n) solution to the pnp problem},
  author={Lepetit, Vincent and Moreno-Noguer, Francesc and Fua, Pascal},
  journal={International journal of computer vision},
  volume={81},
  number={2},
  pages={155},
  year={2009},
  publisher={Springer}
}

@article{mittal2012no,
  title={No-reference image quality assessment in the spatial domain},
  author={Mittal, Anish and Moorthy, Anush Krishna and Bovik, Alan Conrad},
  journal={IEEE Transactions on image processing},
  volume={21},
  number={12},
  pages={4695--4708},
  year={2012},
  publisher={IEEE}
}

@book{barfoot2017state,
  title={State Estimation for Robotics},
  author={Barfoot, Timothy D},
  page = {270-272},
  year={2017},
  publisher={Cambridge University Press},
  address = {Toronro},
}


@article{alt1995computing,
  title={Computing the Fr{\'e}chet distance between two polygonal curves},
  author={Alt, Helmut and Godau, Michael},
  journal={International Journal of Computational Geometry \& Applications},
  volume={5},
  number={01n02},
  pages={75--91},
  year={1995},
  publisher={World Scientific}
}

%chapter 4
@article{paszke2016enet,
  title={Enet: A deep neural network architecture for real-time semantic segmentation},
  author={Paszke, Adam and Chaurasia, Abhishek and Kim, Sangpil and Culurciello, Eugenio},
  journal={arXiv preprint arXiv:1606.02147},
  year={2016}
}

@book{古文观止,
  title={古文观止},
  author={曹德衡 and 李炳海},
  page = {660-661},
  year={2002},
  publisher={吉林文史出版社},
  address = {长春},
}

@article{berman2016non,
  title={Non-local image dehazing},
  author={Berman, Dana and Avidan, Shai and others},
  journal={Proceedings of the IEEE conference on computer vision and pattern recognition},
  pages={1674--1682},
  year={2016}
}

@article{redmon2018yolov3,
  title={Yolov3: An incremental improvement},
  author={Redmon, Joseph and Farhadi, Ali},
  journal={arXiv preprint arXiv:1804.02767},
  year={2018}
}

%chapter 5

@online{ros2manual,
  author =      {ROS-Infrastructure},
  title =       {Installing ROS 2 via Debian Packages},
  urldate =     {2019-11-27},
  url =         {http://www.imperial.ac.uk/dyson-robotics-lab/about-us/},
  year =        2019,
}

@online{gtav,
  author =      {Rockstar Games},
  title =       {Grand Theft Auto V},
  urldate =     {Accessed 2015-4-14},
  url =         {http://www.rockstargames.com/grandtheftauto/},
  year =        2015,
}