%chapter 1
@article{蠕虫病毒,
  title={计算机病毒中的密码算法应用及防御方法综述},
  author={芦天亮 and 李国友 and 吴警 and 欧阳立 and 王国栋},
  journal={科技管理研究},
  volume={040},
  number={2},
  pages={207-215},
  year={2020},
}

@article{芦天亮2020计算机病毒中的密码算法应用及防御方法综述,
  title={计算机病毒中的密码算法应用及防御方法综述},
  author={芦天亮 and  李国友 and  吴警 and  欧阳立 and  王国栋},
  journal={科技管理研究},
  volume={040},
  number={002},
  pages={207-215},
  year={2020},
}

@article{王欢2020构建高效,
  title={构建高效,可靠,安全的移动应用安全体系},
  author={王欢},
  journal={通讯世界},
  number={7},
  year={2020},
}

@article{简容2019一种多层次的自动化通用,
  title={一种多层次的自动化通用Android脱壳系统及其应用},
  author={简容 and 黎桐辛 and 周渊 and 李舟军 and 韩心慧},
  journal={北京理工大学学报},
  number={7},
  pages={725-731},
  year={2019},
}

@article{钟林辉2020软件演化历史的逆向工程生成方法研究,
  title={软件演化历史的逆向工程生成方法研究},
  author={钟林辉 and 扶丽娟 and 叶海涛 and 齐杰 and 徐静},
  journal={计算机科学},
  number={S2},
  year={2020},
}

@article{夏学云2019软件逆向工程技术分析,
  title={软件逆向工程技术分析},
  author={夏学云},
  journal={科学技术创新},
  volume={000},
  number={027},
  pages={P.74-75},
  year={2019},
}

@article{秦飞2018逆向工程和,
  title={逆向工程和Geomagic软件在医学中的应用},
  author={秦飞},
  journal={黑龙江科技信息},
  volume={000},
  number={016},
  pages={71-72},
  year={2018},
}

@article{曾强2020Linux,
  title={Linux二进制应用软件漏洞自动挖掘研究与实现},
  author={曾强},
  journal={电力信息与通信技术},
  number={9},
  year={2020},
}




@article{2020Call,
  title={Call graph obfuscation and diversification: an approach},
  author={ Nunez-Musa, Yulier  and  Rodriguez-Veliz, Miguel  and  Sepulveda-Lima, Roberto },
  journal={IET Information Security},
  volume={14},
  number={7},
  year={2020},
}

@inproceedings{2018ORLIS,
  title={ORLIS: obfuscation-resilient library detection for Android},
  author={ Wang, Yan  and  Wu, Haowei  and  Zhang, Hailong  and  Rountev, Atanas },
  booktitle={the 5th International Conference},
  year={2018},
}

@article{段钢2003加密与解密,
  title={加密与解密},
  author={段钢},
  journal={程序员},
  volume={000},
  number={009},
  pages={53-53},
  year={2003},
}


@article{2020Malware,
  title={Malware Behaviour Analysis and Classification via Windows DLL and System Call},
  author={ Rauf, Mohammad Afiq Amirul Abdul  and  Asraf, Syed Muhammad Hazry  and  Idrus, Syed Zulkarnain Syed },
  journal={Journal of Physics Conference Series},
  volume={1529},
  pages={022097},
  year={2020},
}


@article{0Compile2,
  title={Compile-time code virtualization for android applications},
  author={ A, Yujie Zhao  and  A, Zhanyong Tang  and  A, Guixin Ye  and  A, Dongxu Peng  and  A, Dingyi Fang  and  A, Xiaojiang Chen  and  B, Zheng Wang },
  journal={Computers and Security},
  volume={94},
}

@article{2020Saturable,
  title={Saturable and Reverse Saturable Absorption in Molybdenum Disulfide Dispersion and Film by Defect Engineering},
  author={ Xuan, Hongwen  and  Lu, Chunhui  and  Zhou, Yixuan  and  Xu, Xinlong  and  Bai, Jintao },
  journal={Photonics Research},
  year={2020},
}


@article{2020Bacterial,
  title={Bacterial Genetic Engineering by Means of Recombineering for Reverse Genetics},
  author={ Fels, Ursula  and  Gevaert, Kris  and  Damme, Petra Van },
  journal={Frontiers in Microbiology},
  volume={11},
  year={2020},
}

@article{2020Detecting,
  title={Detecting Fingerprints of Audio Steganography Software},
  author={ Gong, Chen  and  Zhang, Jinghong  and  Yang, Yunzhao  and  Yi, Xiaowei  and  Ma, Yi },
  journal={Forensic ence International Reports},
  volume={2},
  pages={100075},
  year={2020},
}


@article{Kyu2020Clustering,
  title={Clustering method in protocol reverse engineering for industrial protocols},
  author={Kyu㏒eok Shim and Young〩oon Goo and Min㏒eob Lee and Myung㏒up Kim},
  journal={International Journal of Network Management},
  number={82},
  year={2020},
}




@article{2019Model,
  title={Model Parameters of Electric Motors for Desired Operating Conditions},
  author={ Sevinc, A. },
  journal={Advances in Electrical and Computer Engineering},
  volume={19},
  number={2},
  pages={29-36},
  year={2019},
}


@article{2018A,
  title={A Meta-model for Software Protections and Reverse Engineering Attacks},
  author={ Basile, C.  and  Canavese, D.  and  Regano, L.  and  Falcarin, P.  and  Sutter, B. De },
  journal={Journal of Systems and Software},
  year={2018},
}

@article{2018Software,
  title={Software Protection Algorithm based on Control Flow Obfuscation},
  author={ Sun, Yongyong },
  journal={International Journal of Performability Engineering},
  volume={14},
  number={9},
  year={2018},
}


@article{2018Teaching,
  title={Teaching modern power electronics—Computerized test stand design},
  author={ Bonislawski, Michal  and  Holub, Marcin },
  journal={Computer Applications in Engineering Education},
  volume={26},
  number={4},
  pages={928-937},
  year={2018},
}


@article{2018Protect,
  title={Protect White-Box AES to Resist Table Composition Attacks},
  author={ Kunpeng, Bai  and  Chuankun, Wu  and  Zhenfeng, Zhang },
  journal={IET Information Security},
  volume={12},
  number={4},
  pages={305-313},
  year={2018},
}


@article{2018VMGuards,
  title={VMGuards: A Novel Virtual Machine Based Code Protection System with VM Security as the First Class Design Concern},
  author={ Zhanyong, Tang  and  Meng, Li  and  Guixin, Ye  and  Shuai, Cao  and  Meiling, Chen  and  Xiaoqing, Gong  and  Dingyi, Fang  and  Zheng, Wang },
  journal={Applied ences},
  volume={8},
  number={5},
  pages={771},
  year={2018},
}

@article{2018Software,
  title={Software Protection Algorithm based on Control Flow Obfuscation},
  author={ Sun, Yongyong },
  journal={International Journal of Performability Engineering},
  volume={14},
  number={9},
  year={2018},
}


@article{Bonislawski2018Teaching,
  title={Teaching modern power electronics—Computerized test stand design},
  author={Bonislawski, Michal and Holub, Marcin},
  journal={Computer Applications in Engineering Education},
  volume={26},
  number={4},
  pages={928-937},
  year={2018},
}


@article{2017Compiler,
  title={Compiler-Assisted Loop Hardening Against Fault Attacks},
  author={ Proy, Julien  and  Heydemann, Karine  and  Berzati, Alexandre  and  Cohen, Albert },
  journal={Acm Transactions on Architecture and  Code Optimization},
  volume={14},
  number={4},
  pages={1-25},
  year={2017},
}

@article{2017A,
  title={A Novel Software Protection Approach for Code Obfuscation to Enhance Software Security},
  author={ Gautam, Pratiksha  and  Saini, Hemraj },
  journal={International Journal of Mobile Computing and Multimedia Communications},
  volume={8},
  number={1},
  pages={34-47},
  year={2017},
}

@article{2016Design,
  title={Design and implementation of instruction indirection for embedded software obfuscation},
  author={ Fujieda, Naoki  and  Tanaka, Tasuku  and  Ichikawa, Shuichi },
  journal={Microprocessors and  Microsystems},
  volume={45},
  number={aug.},
  pages={115-128},
  year={2016},
}

@article{李路鹿2020代码混淆技术研究综述,
  title={代码混淆技术研究综述},
  author={李路鹿 and 张峰 and 李国繁},
  journal={软件},
  number={2},
  year={2020},
}

@article{向飞2019一种基于,
  title={一种基于ROP技术的代码混淆方法},
  author={向飞 and  巩道福 and  刘粉林},
  journal={计算机应用与软件},
  volume={036},
  number={009},
  pages={293-301},
  year={2019},
}

@article{吕苗苗2019基于,
  title={基于JAVA的安卓应用代码混淆技术研究},
  author={吕苗苗},
  journal={山东农业大学学报(自然科学版)},
  number={4},
  year={2019},
}


@article{胡浔惠2019一种应用随机森林的代码混淆路径分支技术,
  title={一种应用随机森林的代码混淆路径分支技术},
  author={胡浔惠 and 葛王飞 and 段文强 and 郑通},
  journal={信息技术},
  number={8},
  year={2019},
}

@article{张泉2018Win32,
  title={Win32平台下基于LLVM的代码混淆技术研究},
  author={张泉 and 舒辉 and 李婧睿},
  journal={信息工程大学学报},
  volume={19},
  number={04},
  pages={498-502},
  year={2018},
}

@article{乐德广2018一种抵御逆向工程的安卓应用混淆技术研究,
  title={一种抵御逆向工程的安卓应用混淆技术研究},
  author={乐德广 and 赵杰 and 龚声蓉},
  journal={小型微型计算机系统},
  volume={39},
  number={07},
  pages={138-143},
  year={2018},
}

@article{曹宏盛2019一种用于,
  title={一种用于Android应用的反控制混淆系统},
  author={曹宏盛 and 焦健 and 李登辉},
  journal={计算机应用研究},
  volume={036},
  number={005},
  pages={1544-1548},
  year={2019},
}

@article{徐君锋2017Android,
  title={Android软件安全攻防对抗技术及发展},
  author={徐君锋 and 吴世忠 and 张利},
  journal={北京理工大学学报},
  volume={037},
  number={002},
  pages={163-167},
  year={2017},
}

@article{2020Malware,
  title={Malware Behaviour Analysis and Classification via Windows DLL and System Call},
  author={ Rauf, Mohammad Afiq Amirul Abdul  and  Asraf, Syed Muhammad Hazry  and  Idrus, Syed Zulkarnain Syed },
  journal={Journal of Physics Conference Series},
  volume={1529},
  pages={022097},
  year={2020},
}


@article{2019Transforming,
  title={Transforming malicious code to ROP gadgets for antivirus evasion},
  author={ Ntantogian, Christoforos  and  Poulios, Giorgos  and  Karopoulos, Georgios  and  Xenakis, Christos },
  journal={IET Information Security},
  volume={13},
  number={6},
  pages={570-578},
  year={2019},
}

@article{2018Analysis,
  title={Analysis of Detection Ability Impact of Clang Static Analysis Tool by Source Code Obfuscation Technique},
  author={ Jin, Hongjoo  and  Park, Moon Chan  and  Lee, Dong Hoon },
  journal={Journal of the Korea Institute of Information Security and  Cryptology},
  volume={28},
  year={2018},
}


@article{2014A,
  title={A family of experiments to assess the effectiveness and efficiency of source code obfuscation techniques},
  author={ Ceccato, Mariano  and  Penta, Massimiliano Di  and  Falcarin, Paolo  and  Ricca, Filippo  and  Torchiano, Marco  and  Tonella, Paolo },
  journal={Empirical Software Engineering},
  volume={19},
  number={4},
  pages={1040-1074},
  year={2014},
}

@article{2020Flow,
  title={Flow Chart Generation-Based Source Code Similarity Detection Using Process Mining},
  author={ Zhang, Feng  and  Li, Lulu  and  Liu, Cong  and  Zeng, Qingtian },
  journal={entific Programming},
  volume={2020},
  number={11},
  pages={1-15},
  year={2020},
}

@article{0Black,
  title={Black box analysis of android malware detectors},
  author={ Nellaivadivelu, Guruswamy  and  Troia, Fabio Di  and  Stamp, Mark },
  journal={Array},
  volume={6},
}

@article{2020A,
  title={A novel method for malware detection on ML-based visualization technique},
  author={ Liu, Xinbo  and  Lin, Yaping  and  Li, He  and  Zhang, Jiliang },
  journal={Computers and  Security},
  volume={89},
  number={Feb.},
  pages={101682.1-101682.12},
  year={2020},
}

@article{Jeong2014Code,
  title={应用虚拟机杀毒引擎解决病毒加壳难题},
  author={马宁},
  journal={中国金融电脑},
  number={1},
  pages={23-23},
  year={2007},
}

@article{2019Analyzing,
  title={Analyzing Android Code Graphs against Code Obfuscation and App Hiding Techniques},
  author={ Badhani, Shikha  and  Muttoo, Sunil K. },
  journal={Journal of Applied Security Research},
  pages={1-22},
  year={2019},
}

@article{2017Access,
  title={Access Code Obfuscation Using Speech Input},
  author={ Roos, Derrick Raymond },
  year={2017},
}


@article{2019Implementation,
  title={Implementation of Software Source Code Obfuscation Tool for Weapon System Anti-Tampering},
  author={ Lee, Gyuho  and  Yu, Jaegwan  and  Kim, Insung  and  Kim, Taekyu },
  journal={Journal of KIISE},
  volume={46},
  number={5},
  pages={448-456},
  year={2019},
}


@article{2019White,
  title={White Box Implementations Using Non-Commutative Cryptography},
  author={ Marin, Leandro },
  journal={Sensors},
  volume={19},
  number={5},
  year={2019},
}

@article{2019Implementing,
  title={Implementing a Technique for Detecting Obfuscated Open-Source Android Apps},
  author={ Lim, Kyeonghwan  and  Kim, Byoungchir  and  Cho, Seong Je },
  journal={KIISE Transactions on Computing Practices},
  volume={25},
  number={2},
  pages={106-112},
  year={2019},
}


@article{2018Method,
  title={Method for Detecting Javascript Code Obfuscation based on Convolutional Neural Network},
  author={ Jianga, Wei  and  Wanga, Huiqiang  and  Wua, Keke },
  journal={International Journal of Performability Engineering},
  volume={14},
  number={12},
  year={2018},
}

@article{2018Code,
  title={Code obfuscation against abstraction refinement attacks},
  author={ Roberto, Bruni  and  Roberto, Giacobazzi  and  Roberta, Gori },
  journal={Formal Aspects of Computing},
  year={2018},
}


@article{2018Securing,
  title={Securing Android Applications via Edge Assistant Third-Party Library Detection},
  author={ Tang, Zhushou  and  Xue, Minhui  and  Meng, Guozhu  and  Ying, Chengguo  and  Liu, Yugeng  and  He, Jianan  and  Zhu, Haojin  and  Liu, Yang },
  journal={Computers and  Security},
  volume={80},
  year={2018},
}

@article{2018Emulator,
  title={Emulator-based Web Application Design to Protect Web Page Source Code},
  author={ Nam, Hyunwoo  and  Park, Neungsoo },
  journal={KIISE Transactions on Computing Practices},
  volume={24},
  number={8},
  pages={410-415},
  year={2018},
}

@article{2018Analysis,
  title={Analysis of Detection Ability Impact of Clang Static Analysis Tool by Source Code Obfuscation Technique},
  author={ Jin, Hongjoo  and  Park, Moon Chan  and  Lee, Dong Hoon },
  journal={Journal of the Korea Institute of Information Security and  Cryptology},
  volume={28},
  year={2018},
}

@article{2018Method,
  title={Method for Detecting Javascript Code Obfuscation based on Convolutional Neural Network},
  author={ Jianga, Wei  and  Wanga, Huiqiang  and  Wua, Keke },
  journal={International Journal of Performability Engineering},
  volume={14},
  number={12},
  year={2018},
}

@article{2018c,
  title={A hybrid-multi filter-wrapper framework to identify run-time behaviour for fast malware detection},
  author={ Huda, Shamsul  and  Islam, Rafiqul  and  Abawajy, Jemal  and  Yearwood, John  and  Hassan, Mohammad Mehedi  and  Fortino, Giancarlo },
  journal={Future Generation Computer Systems},
  pages={S0167739X17325049},
  year={2018},
}


@article{2018VMGuards,
  title={VMGuards: A Novel Virtual Machine Based Code Protection System with VM Security as the First Class Design Concern},
  author={ Zhanyong, Tang  and  Meng, Li  and  Guixin, Ye  and  Shuai, Cao  and  Meiling, Chen  and  Xiaoqing, Gong  and  Dingyi, Fang  and  Zheng, Wang },
  journal={Applied ences},
  volume={8},
  number={5},
  pages={771},
  year={2018},
}


@article{2018Enhance,
  title={Enhance virtual-machine-based code obfuscation security through dynamic bytecode scheduling},
  author={ Kuang, Kaiyuan  and  Tang, Zhanyong  and  Gong, Xiaoqing  and  Fang, Dingyi  and  Chen, Xiaojiang  and  Wang, Zheng },
  journal={Computers and  Security},
  volume={74},
  number={MAY},
  pages={202-220},
  year={2018},
}

@article{2018Construction,
  title={Construction Method of Telecommunication System for Corrective Information Distribution},
  author={ Karetnikov, V V  and  Shahnov, S F  and  Ageeva, A A },
  journal={Iop Conference},
  volume={171},
  number={1},
  pages={012010},
  year={2018},
}

@article{张晓寒2020基于指令虚拟化的安卓本地代码加固方法,
  title={基于指令虚拟化的安卓本地代码加固方法},
  author={张晓寒 and 张源 and 池信坚 and 杨珉},
  journal={电子与信息学报},
  number={9},
  year={2020},
}

@article{何永瑾2020基于注册码的软件授权保护系统的设计与实现,
  title={基于注册码的软件授权保护系统的设计与实现},
  author={何永瑾 and  郭肖旺 and  赵德政},
  journal={微型机与应用},
  volume={039},
  number={005},
  pages={42-45,50},
  year={2020},
}


@article{马雪婷2020一种共享软件保护机制的完整实现,
  title={一种共享软件保护机制的完整实现},
  author={马雪婷 and  李宏图},
  journal={科技创新与应用},
  volume={000},
  number={010},
  pages={25-27,30},
  year={2020},
}

@inproceedings{2016Building,
  title={Building a Makerspace To Nurture the Innovation Culture at the NYU Tandon School of Engineering},
  author={ Bill, Victoria  and  Fayard, Anne Laure },
  booktitle={International Symposium on Academic MakerSpaces},
  year={2016},
}

@article{2019The,
  title={The Concept of Comprehensive Tracking Software to Support Sustainable Tourism in Protected Areas},
  author={ Zejda, David  and  Zelenka, Josef },
  journal={Sustainability},
  volume={11},
  year={2019},
}

%chapter 2

%chapter 3

%chapter 4

%chapter 5


