%chapter 1
@article{蠕虫病毒,
  title={计算机病毒中的密码算法应用及防御方法综述},
  author={芦天亮 and 李国友 and 吴警 and 欧阳立 and 王国栋},
  journal={科技管理研究},
  volume={040},
  number={2},
  pages={207-215},
  year={2020},
}

@article{芦天亮2020计算机病毒中的密码算法应用及防御方法综述,
  title={计算机病毒中的密码算法应用及防御方法综述},
  author={芦天亮 and  李国友 and  吴警 and  欧阳立 and  王国栋},
  journal={科技管理研究},
  volume={040},
  number={002},
  pages={207-215},
  year={2020},
}

@article{王欢2020构建高效,
  title={构建高效,可靠,安全的移动应用安全体系},
  author={王欢},
  journal={通讯世界},
  number={7},
  year={2020},
}

@article{简容2019一种多层次的自动化通用,
  title={一种多层次的自动化通用Android脱壳系统及其应用},
  author={简容 and 黎桐辛 and 周渊 and 李舟军 and 韩心慧},
  journal={北京理工大学学报},
  number={7},
  pages={725-731},
  year={2019},
}

@article{钟林辉2020软件演化历史的逆向工程生成方法研究,
  title={软件演化历史的逆向工程生成方法研究},
  author={钟林辉 and 扶丽娟 and 叶海涛 and 齐杰 and 徐静},
  journal={计算机科学},
  number={S2},
  year={2020},
}

@article{夏学云2019软件逆向工程技术分析,
  title={软件逆向工程技术分析},
  author={夏学云},
  journal={科学技术创新},
  volume={000},
  number={027},
  pages={P.74-75},
  year={2019},
}

@article{秦飞2018逆向工程和,
  title={逆向工程和Geomagic软件在医学中的应用},
  author={秦飞},
  journal={黑龙江科技信息},
  volume={000},
  number={016},
  pages={71-72},
  year={2018},
}

@article{曾强2020Linux,
  title={Linux二进制应用软件漏洞自动挖掘研究与实现},
  author={曾强},
  journal={电力信息与通信技术},
  number={9},
  year={2020},
}


@article{0Compile,
  title={Compile-time code virtualization for android applications},
  author={ A, Yujie Zhao  and  A, Zhanyong Tang  and  A, Guixin Ye  and  A, Dongxu Peng  and  A, Dingyi Fang  and  A, Xiaojiang Chen  and  B, Zheng Wang },
  journal={Computers & Security},
  volume={94},
}


@article{2020Call,
  title={Call graph obfuscation and diversification: an approach},
  author={ Nunez-Musa, Yulier  and  Rodriguez-Veliz, Miguel  and  Sepulveda-Lima, Roberto },
  journal={IET Information Security},
  volume={14},
  number={7},
  year={2020},
}

@inproceedings{2018ORLIS,
  title={ORLIS: obfuscation-resilient library detection for Android},
  author={ Wang, Yan  and  Wu, Haowei  and  Zhang, Hailong  and  Rountev, Atanas },
  booktitle={the 5th International Conference},
  year={2018},
}

@article{段钢2003加密与解密,
  title={加密与解密},
  author={段钢},
  journal={程序员},
  volume={000},
  number={009},
  pages={53-53},
  year={2003},
}


@article{2020Malware,
  title={Malware Behaviour Analysis and Classification via Windows DLL and System Call},
  author={ Rauf, Mohammad Afiq Amirul Abdul  and  Asraf, Syed Muhammad Hazry  and  Idrus, Syed Zulkarnain Syed },
  journal={Journal of Physics Conference Series},
  volume={1529},
  pages={022097},
  year={2020},
}


@article{0Compile,
  title={Compile-time code virtualization for android applications},
  author={ A, Yujie Zhao  and  A, Zhanyong Tang  and  A, Guixin Ye  and  A, Dongxu Peng  and  A, Dingyi Fang  and  A, Xiaojiang Chen  and  B, Zheng Wang },
  journal={Computers & Security},
  volume={94},
}

@article{2020Saturable,
  title={Saturable and Reverse Saturable Absorption in Molybdenum Disulfide Dispersion and Film by Defect Engineering},
  author={ Xuan, Hongwen  and  Lu, Chunhui  and  Zhou, Yixuan  and  Xu, Xinlong  and  Bai, Jintao },
  journal={Photonics Research},
  year={2020},
}


@article{2020Bacterial,
  title={Bacterial Genetic Engineering by Means of Recombineering for Reverse Genetics},
  author={ Fels, Ursula  and  Gevaert, Kris  and  Damme, Petra Van },
  journal={Frontiers in Microbiology},
  volume={11},
  year={2020},
}

@article{2020Detecting,
  title={Detecting Fingerprints of Audio Steganography Software},
  author={ Gong, Chen  and  Zhang, Jinghong  and  Yang, Yunzhao  and  Yi, Xiaowei  and  Ma, Yi },
  journal={Forensic ence International Reports},
  volume={2},
  pages={100075},
  year={2020},
}


@article{Kyu2020Clustering,
  title={Clustering method in protocol reverse engineering for industrial protocols},
  author={Kyu㏒eok Shim and Young〩oon Goo and Min㏒eob Lee and Myung㏒up Kim},
  journal={International Journal of Network Management},
  number={82},
  year={2020},
}



%chapter 2

%chapter 3

%chapter 4

%chapter 5


